<?xml version="1.0" encoding="UTF-8"?><collection xmlns="http://www.loc.gov/MARC21/slim"><record><leader>00313nam--2200121-i-4500</leader><controlfield tag="001">000043816</controlfield><controlfield tag="002">20161230</controlfield><controlfield tag="005">20161230201044</controlfield><controlfield tag="008">060222s1000------------r-----000-0-eng-d</controlfield><datafield ind1=" " ind2=" " tag="080"><subfield code="a">631.41:546.22(061.3)</subfield></datafield><datafield ind1=" " ind2=" " tag="245"><subfield code="a">Studies on sulphur isotope variations in nature</subfield></datafield><datafield ind1=" " ind2=" " tag="260"><subfield code="a">Vienna, Iaea, 1987, 124p</subfield></datafield><datafield ind1=" " ind2=" " tag="852"><subfield code="a">74287</subfield></datafield></record></collection>